% Bibliography for Scientific Computing Toolkit Analysis Paper
% This file contains references for the comprehensive analysis

@article{herschel_bulkley_1926,
  title={The correlation of the rheological properties of suspensions},
  author={Herschel, W. H. and Bulkley, R.},
  journal={Proceedings of the American Society of Testing Materials},
  volume={26},
  pages={621--633},
  year={1926}
}

@book{bird_transport_2007,
  title={Transport phenomena},
  author={Bird, R. B. and Stewart, W. E. and Lightfoot, E. N.},
  year={2007},
  publisher={John Wiley \& Sons},
  edition={2nd}
}

@article{koopman_operator_1931,
  title={Hamiltonian systems and transformation in Hilbert space},
  author={Koopman, B. O.},
  journal={Proceedings of the National Academy of Sciences},
  volume={17},
  number={5},
  pages={315--318},
  year={1931}
}

@article{lstm_hochreiter_1997,
  title={Long short-term memory},
  author={Hochreiter, S. and Schmidhuber, J.},
  journal={Neural computation},
  volume={9},
  number={8},
  pages={1735--1780},
  year={1997}
}

@book{lorenz_deterministic_1963,
  title={Deterministic nonperiodic flow},
  author={Lorenz, E. N.},
  journal={Journal of the atmospheric sciences},
  volume={20},
  number={2},
  pages={130--141},
  year={1963}
}

@article{michaelis_menten_1913,
  title={Die kinetik der invertinwirkung},
  author={Michaelis, L. and Menten, M. L.},
  journal={Biochemische Zeitschrift},
  volume={49},
  pages={333--369},
  year={1913}
}

@article{assembly_theory_walker_2023,
  title={Assembly theory explains and quantifies selection and evolution},
  author={Walker, S. I. and Cronin, L.},
  journal={Nature},
  volume={618},
  number={7964},
  pages={321--328},
  year={2023}
}

@article{rainbow_signature_ding_2005,
  title={Rainbow, a new multivariable polynomial signature scheme},
  author={Ding, J. and Schmidt, D.},
  journal={International Conference on Applied Cryptography and Network Security},
  pages={164--179},
  year={2005},
  publisher={Springer}
}

@book{quantum_computing_nielsen_2010,
  title={Quantum computation and quantum information},
  author={Nielsen, M. A. and Chuang, I. L.},
  year={2010},
  publisher={Cambridge university press}
}

@article{mceliece_cryptosystem_1978,
  title={A public-key cryptosystem based on algebraic coding theory},
  author={McEliece, R. J.},
  journal={Deep Space Network Progress Report},
  volume={44},
  pages={114--116},
  year={1978}
}

@article{lwe_cryptosystem_2005,
  title={On lattices, learning with errors, random linear codes, and cryptography},
  author={Regev, O.},
  journal={Journal of the ACM},
  volume={56},
  number={6},
  pages={1--40},
  year={2009}
}

@article{xmss_signature_2011,
  title={XMSS-a practical forward secure signature scheme based on minimal security assumptions},
  author={Buchmann, J. and Dahmen, E. and Hülsing, A.},
  journal={International Workshop on Post-Quantum Cryptography},
  pages={117--129},
  year={2011},
  publisher={Springer}
}

@article{post_quantum_crypto_standardization_2016,
  title={Report on post-quantum cryptography},
  author={National Institute of Standards and Technology},
  year={2016}
}

@article{twin_primes_1849,
  title={De numeris primis valde magnis},
  author={de Polignac, A.},
  journal={Comptes rendus hebdomadaires des séances de l'Académie des sciences},
  volume={29},
  pages={397--399},
  year={1849}
}

@article{goldbach_conjecture_1742,
  title={Letter to Euler},
  author={Goldbach, C.},
  year={1742}
}

@article{consciousness_dehaene_2014,
  title={Consciousness and the brain: Deciphering how the brain codes our thoughts},
  author={Dehaene, S.},
  journal={Penguin},
  year={2014}
}

@article{integrated_information_tononi_2004,
  title={An information integration theory of consciousness},
  author={Tononi, G.},
  journal={BMC neuroscience},
  volume={5},
  number={1},
  pages={1--22},
  year={2004}
}

@article{global_workspace_baars_1997,
  title={In the theater of consciousness: The workspace of the mind},
  author={Baars, B. J.},
  journal={Oxford University Press},
  year={1997}
}

@article{attention_schema_graziano_2013,
  title={Consciousness and the attention schema},
  author={Graziano, M. S.},
  journal={Trends in cognitive sciences},
  volume={17},
  number={7},
  pages={323--325},
  year={2013}
}

@article{penetration_testing_standards_2020,
  title={Technical guide to information security testing and assessment},
  author={National Institute of Standards and Technology},
  journal={NIST Special Publication},
  volume={800},
  number={115},
  year={2020}
}

@article{reverse_engineering_techniques_2018,
  title={Practical malware analysis: The hands-on guide to dissecting malicious software},
  author={Sikorski, M. and Honig, A.},
  journal={No Starch Press},
  year={2018}
}

@article{koopman_theory_dynamic_2020,
  title={Koopman operator theory for dynamical systems and nonlinear filtering},
  author={Brunton, S. L. and Budis{\v{s}}i{\'c}, M. and Kaiser, E. and Kutz, J. N.},
  journal={SIAM Journal on Applied Dynamical Systems},
  volume={19},
  number={2},
  pages={1176--1201},
  year={2020}
}

@article{complex_networks_newman_2003,
  title={The structure and function of complex networks},
  author={Newman, M. E.},
  journal={SIAM review},
  volume={45},
  number={2},
  pages={167--256},
  year={2003}
}

@article{fractal_analysis_mandelbrot_1982,
  title={The fractal geometry of nature},
  author={Mandelbrot, B. B.},
  year={1982},
  publisher={WH freeman}
}

@article{chaos_theory_feigenbaum_1978,
  title={Quantitative universality for a class of nonlinear transformations},
  author={Feigenbaum, M. J.},
  journal={Journal of Statistical Physics},
  volume={19},
  number={1},
  pages={25--52},
  year={1978}
}

@article{machine_learning_murphy_2022,
  title={Probabilistic machine learning: Advanced topics},
  author={Murphy, K. P.},
  journal={MIT Press},
  year={2022}
}

@article{scientific_computing_langtangen_2016,
  title={A primer on scientific programming with Python},
  author={Langtangen, H. P.},
  journal={Springer},
  year={2016}
}

@article{numerical_methods_burden_2015,
  title={Numerical analysis},
  author={Burden, R. L. and Faires, J. D.},
  journal={Cengage learning},
  year={2015}
}

@article{computational_fluid_dynamics_versteeg_2007,
  title={An introduction to computational fluid dynamics: The finite volume method},
  author={Versteeg, H. K. and Malalasekera, W.},
  journal={Pearson education},
  year={2007}
}

@article{finite_element_methods_hughes_2012,
  title={The finite element method: Linear static and dynamic finite element analysis},
  author={Hughes, T. J.},
  journal={Courier Corporation},
  year={2012}
}

@article{optimization_methods_nocedal_2006,
  title={Numerical optimization},
  author={Nocedal, J. and Wright, S.},
  journal={Springer Science \& Business Media},
  year={2006}
}

@article{statistics_casella_2021,
  title={Statistical inference},
  author={Casella, G. and Berger, R. L.},
  journal={Cengage},
  year={2021}
}

@article{python_ecosystem_oliphant_2007,
  title={Python for scientific computing},
  author={Oliphant, T. E.},
  journal={Computing in Science \& Engineering},
  volume={9},
  number={3},
  pages={10--20},
  year={2007}
}

@article{julia_language_2017,
  title={Julia: A fresh approach to numerical computing},
  author={Bezanson, J. and Edelman, A. and Karpinski, S. and Shah, V. B.},
  journal={SIAM review},
  volume={59},
  number={1},
  pages={65--98},
  year={2017}
}

@article{mojo_language_2023,
  title={Mojo: A systems programming language for heterogeneous computing},
  author={Lattner, C. and Amini, M. and Bondhugula, U. and Cohen, A. and Davis, A. and Pienaar, J. and Shpeisman, T.},
  journal={arXiv preprint arXiv:2305.13245},
  year={2023}
}

@article{swift_language_2014,
  title={Swift: A new programming language for ios and os x},
  author={Lattner, C.},
  journal={Apple Inc},
  year={2014}
}

@article{docker_container_2014,
  title={Docker: Lightweight linux containers for consistent development and deployment},
  author={Merkel, D.},
  journal={Linux Journal},
  volume={2014},
  number={239},
  pages={2},
  year={2014}
}

@article{kubernetes_orchestration_2015,
  title={Kubernetes: {P}latform for automating deployment, scaling, and operations of application containers across clusters of hosts},
  author={Bernstein, D.},
  journal={Linux Journal},
  volume={2015},
  number={264},
  pages={1},
  year={2015}
}

@article{aws_cloud_platform_2023,
  title={Amazon Web Services: Cloud computing platform overview},
  author={Amazon Web Services},
  journal={AWS Whitepaper},
  year={2023}
}

@article{github_platform_2023,
  title={GitHub: The complete guide to everything you need to know},
  author={GitHub Inc},
  journal={GitHub Documentation},
  year={2023}
}
